@book{castro2006,
    author    = {Leandro Nunes Castro},
    title     = {Fundamentals of Natural Computing: Basic Concepts, Algorithms and Applications},
    publisher = {Chapman \& Hall/CRC},
    year      = {2006},
    address = {Boca Raton, Florida, USA}
}

@book{ENGELBRECHT2007,
    author = {Andries P. Engelbrecht},
    title = {Computational Intelligence: An Introduction},
    publisher = {Wiley},
    year = {2007},
    address = {West Sussex, England}
}

@article{vendramin2012a,
  author = {Ana Cristina B. Kochem Vendramin and Anelise Munaretto and Myriam Delgado and Aline C. Viana},
  title = {Gr\textsc{A}nt: Inferring Best Forwarders from Complex Networks' Dynamics through a Greedy Ant Colony Optimization},
  journal = {Computer Networks},
  volume = {56},
  number = {3},
  year = {2012},
  pages = {997--1015}
}

@article{cao2012,
  author = {Yue Cao and Zhili Sun},
  title = {Routing in Delay/Disruption Tolerant Networks: A Taxonomy, Survey and Challenges},
  journal = {IEEE Communication Surveys \& Tutorials},
  volume = {PP},
  number = {99},
  year  = {2012},
  pages = {1--24}
}

@article{italianos,
  title = {Mobile p2p: peer-to-peer systems over delay tolerant networks},
  author = {Cacciapuoti, Angela Sara and Caleffi, Marcello and Paura, Luigi},
  journal = {Delay Tolerant Networks: Protocols and Applications},
  pages = {1--35},
  year = {2011}
}

@MISC{mills2004,
   author = {Patrick Milss and Edward Tsang and Qingfu Zhang and John Ford},
   title = {A Survey of AI-based meta-heuristics for Dealing with Local Optima in Local Search},
   year = {2004},
   note = {Technical Report Series, n. CSM-416},
   url = {http://www.essex.ac.uk/csee/research/publications/technicalreports/2004/csm416.pdf},
   urlaccessdate = {8 de agosto de 2011}
}

@MISC{mills2004,
   author = {Patrick Milss and Edward Tsang and Qingfu Zhang and John Ford},
   title = {A Survey of AI-based meta-heuristics for Dealing with Local Optima in Local Search},
   year = {2004},
   note = {Technical Report Series, n. CSM-416},
   url = {http://www.essex.ac.uk/csee/research/publications/technicalreports/2004/csm416.pdf},
   urlaccessdate = {8 de agosto de 2011}
}

@MISC{NormasUTFPR,
    author = {UTFPR},
    note = {Universidade Tecnológica Federal do Paraná. Comissão de Normalização de Trabalhos Acadêmicos},
    title = {Normas para elaboração de trabalhos acadêmicos},
    publisher = {UTFPR},
    year = {2008},
    address = {Curitiba, Paraná},
    url = {http://www.utfpr.edu.br/dibib/normas-para-elaboracao-de-trabalhos-academicos},
}

@MISC{RFC5050,
   author = {Keith L. Scott and Scott C. Burleigh},
   title = {Bundle Protocol Specification},
   year = {2007},
   note = {RFC 5050, DTN Research Group},
   url = {http://www.ietf.org/rfc/rfc5050.txt},
   urlaccessdate = {4 de maio de 2010}
}

@inproceedings{vendramin2012b,
  author = {Ana Cristina B. Kochem Vendramin and Anelise Munaretto and Myriam Delgado and Aline C. Viana},
  title = {C\textsc{G}r\textsc{A}nt: A Swarm Intelligence-based Routing Protocol for Delay Tolerant Networks},
  booktitle = {Proceedings of the 2012 Genetic and Evolutionary Computation Conference - GECCO 2012},
  pages = {33--40},
  year  = {2012},
  address = {Philadelphia, PA, USA},
  publisher = {ACM}
}

@inproceedings{vendramin2011,
  author = {Ana Cristina B. Kochem Vendramin and Anelise Munaretto and Myriam Delgado and Aline C. Viana},
  title = {A Greedy Ant Colony Optimization for Routing in Delay Tolerant Networks},
  booktitle = {First International Workshop on Smart Communication Protocols And Algorithms - GLOBECOM 2011},
  pages = {1127--1132},
  year  = {2011},
  address = {Houston, Texas, USA},
  publisher = {ACM}
}

@Thesis{vendramin2012c,
  author  = {Ana Cristina Barreiras Kochem Vendramin},
  title   = {Cultural GrAnt: um Protocolo de Roteamento baseado em Inteligência Coletiva para Redes Tolerantes a Atrasos},
  school  = {Universidade Tecnológica Federal do Paraná},
  address = {Curitiba, PR, Brasil},
  year    = {2012},
  type    = {Tese de Doutorado}
}

@Thesis{saleem2001,
  author  = {Saleh M. Saleem},
  title   = {Knowledge-based Solution to Dynamic Optimization Problems using Cultural Algorithms},
  school  = {Wayne State University},
  address = {Detroit, Michigan, USA},
  year    = {2001},
  type    = {Tese de Doutorado}
}

@article{pan2013,
  added-at = {2013-10-13T22:21:26.000+0200},
  author = {Pan, Gang and Qi, Guande and Zhang, Wangsheng and Li, Shijian and Wu, ZhaoHui and Yang, L.T.},
  biburl = {http://www.bibsonomy.org/bibtex/205230e1b8d3c898b28c45c5082d7c17e/becker},
  doi = {10.1109/MCOM.2013.6525604},
  interhash = {eda548362de6de37be7d2e87e4c725f5},
  intrahash = {05230e1b8d3c898b28c45c5082d7c17e},
  issn = {0163-6804},
  journal = {Communications Magazine, IEEE},
  keywords = {reviewer1 s:2013-10-13_cpscom-journal},
  number = 6,
  pages = {120-126},
  timestamp = {2013-10-13T22:21:26.000+0200},
  title = {Trace analysis and mining for smart cities: issues, methods, and applications},
  volume = 51,
  year = 2013
}

@article{schuurman,
  added-at = {2013-01-09T00:00:00.000+0100},
  author = {Schuurman, Dimitri and Baccarne, Bastiaan and Marez, Lieven De and Mechant, Peter},
  biburl = {http://www.bibsonomy.org/bibtex/2ee615ebb48f9aef4fb6923ee543babf3/dblp},
  ee = {http://www.jtaer.com/dec2012/Schuurman_p5.pdf},
  interhash = {0a9af302b8a7b9667976fb22be8e523e},
  intrahash = {ee615ebb48f9aef4fb6923ee543babf3},
  journal = {JTAER},
  keywords = {dblp},
  number = 3,
  timestamp = {2013-01-09T00:00:00.000+0100},
  title = {Smart {I}deas for {S}mart {C}ities: {I}nvestigating {C}rowdsourcing for {G}enerating and {S}electing {I}deas for {ICT} {I}nnovation in a {C}ity {C}ontext.},
  url = {http://dblp.uni-trier.de/db/journals/jtaer/jtaer7.html#SchuurmanBMM12},
  volume = 7,
  year = 2012
}

@article{Howe2006,
  added-at = {2008-12-21T20:29:45.000+0100},
  author = {Howe, Jeff},
  biburl = {http://www.bibsonomy.org/bibtex/21548d6830f9987d51f0dccc26771ff89/pecim7af},
  description = {BibSonomy::bibtex::The Rise of Crowdsourcing},
  interhash = {40cd48c255ae64c3518adf142cca22e4},
  intrahash = {1548d6830f9987d51f0dccc26771ff89},
  journal = {Wired Magazine},
  keywords = {AKMB08 Crowdsourcing Web2.0 WisdomOfCrowds},
  month = {06},
  number = 6,
  timestamp = {2008-12-21T20:29:45.000+0100},
  title = {The {R}ise of {C}rowdsourcing},
  url = {http://www.wired.com/wired/archive/14.06/crowds.html},
  volume = 14,
  year = 2006
}

@article{sujatha,
  author = {Sujatha, K and Nageswara Rao, P V and Sruthi, K J and Arjuna Rao, A},
  title = {Design and {D}evelopment of {A}ndroid {M}obile based {B}us {T}racking {S}ystem},
  journal = {First International Conference on Networks \& Soft Computing (ICNSC)},
  year  = {2014},
  pages = {231--235}
}

@MISC{techtudoWaze,
   author = {Techtudo},
   title = {Waze},
   year = {2014},
   url = {http://www.techtudo.com.br/tudo-sobre/waze.html},
   urlaccessdate = {29 de outubro de 2014}
}

@INPROCEEDINGS{paradells, 
author={Paradells, J. and Gomez, C. and Demirkol, I. and Oller, J. and Catalan, M.}, 
booktitle={Smart Communications in Network Technologies (SaCoNeT), 2014 International Conference on}, 
title={Infrastructureless smart cities. Use cases and performance}, 
year={2014}, 
month={June}, 
pages={1-6}, 
keywords={Internet;Internet of Things;actuators;data acquisition;wireless sensor networks;Internet of Things;actuators;aggregation networks;data acquisition;data actuation;data capturing;data processing;data storage;general purpose network;infrastructureless smart cities;sensors;Cities and towns;Delays;Intelligent sensors;Receivers;Wireless communication;Wireless sensor networks;Delay Tolerant Network;Radio Triggered Wake-up;Smart Cities;Wireless Sensor Networks}, 
doi={10.1109/SaCoNeT.2014.6867772},}

@article{alves,
title = "Retrieving Real-time Information to users in Public Transport Networks: An Application to the Lisbon Bus System ",
journal = "Procedia - Social and Behavioral Sciences ",
volume = "54",
number = "0",
pages = "470 - 482",
year = "2012",
issn = "1877-0428",
doi = "http://dx.doi.org/10.1016/j.sbspro.2012.09.765",
url = "http://www.sciencedirect.com/science/article/pii/S1877042812042279",
author = "David Alves and Luis M. Martinez and José M. Viegas",
keywords = "Real-time data",
keywords = "transport demand estimation",
keywords = "public transport coordination",
keywords = "transfer matrix "
}
note = "Proceedings of \{EWGT2012\} - 15th Meeting of the \{EURO\} Working Group on Transportation, September 2012, Paris ",

@article{walravens,
title = {{Mobile Business and the Smart City: Developing a Business Model Framework to Include Public Design Parameters for Mobile City Services}},
journal = {{Journal of theoretical and applied electronic commerce research}},
author={Walravens, Nils},
ISSN = {0718-1876},
language = {en},
URL = {http://www.scielo.cl/scielo.php?script=sci_arttext&pid=S0718-18762012000300011&nrm=iso},
volume = {7},
year = {2012},
month = {12},
pages = {121 - 135},
publisher = {scielocl},
crossref = {10.4067/S0718-18762012000300011},
}

@INPROCEEDINGS{kanhere, 
author={Kanhere, S.S.}, 
booktitle={Mobile Data Management (MDM), 2011 12th IEEE International Conference on},
title={Participatory Sensing: Crowdsourcing Data from Mobile Smartphones in Urban Spaces}, 
year={2011}, 
month={June}, 
volume={2}, 
pages={3-6}, 
keywords={Internet;data acquisition;mobile computing;mobile handsets;spatiotemporal phenomena;statistical analysis;traffic engineering computing;Internet;communication infrastructure;community statistics;crowdsourcing data;data collection;metropolitan areas;mobile devices;mobile smartphone;multimodal data streams;participatory sensing;realtime traffic statistics;spatiotemporal view;urban landscape monitoring;urban spaces;Context;Mobile handsets;Monitoring;Noise;Pollution measurement;Roads;Sensors;crowdsourcing;mobile sensing;participatory sensing}, 
doi={10.1109/MDM.2011.16},}

@MISC{androidDevDashboards,
   author = {{Android Developers}},
   title = {Dashboards},
   year = {2014},
   url = {https://developer.android.com/about/dashboards/index.html},
   urlaccessdate = {09 de novembro de 2014}
}

@MISC{androidDevSDK,
   author = {{Android Developers}},
   title = {Android SDK},
   year = {2014},
   url = {http://developer.android.com/sdk/index.html},
   urlaccessdate = {21 de novembro de 2014}
}

@MISC{garySims,
   author = {Gary Sims},
   title = {I want to develop Android Apps - What language should I learn?},
   year = {2014},
   url = {http://www.androidauthority.com/want-develop-android-apps-languages-learn-391008/},
   urlaccessdate = {21 de novembro de 2014}
}

